<record><leader>00000cas a22000007a 4500</leader><controlfield tag="001">28998651</controlfield><controlfield tag="008">931013d1907190uokuwr ne      0    0eng d</controlfield><controlfield tag="009">15907</controlfield><datafield ind1=" " ind2=" " tag="010"><subfield code="a">sn 93066132 </subfield></datafield><datafield ind1=" " ind2=" " tag="040"><subfield code="a">OBN</subfield><subfield code="b">eng</subfield><subfield code="c">OBN</subfield><subfield code="d">OCL</subfield><subfield code="d">OCLCQ</subfield></datafield><datafield ind1="1" ind2=" " tag="029"><subfield code="a">AU@</subfield><subfield code="b">000022801671</subfield></datafield><datafield ind1=" " ind2=" " tag="042"><subfield code="a">msc</subfield></datafield><datafield ind1="0" ind2=" " tag="130"><subfield code="a">Coal County register (Owl, Okla. : 1907)</subfield></datafield><datafield ind1="0" ind2="0" tag="245"><subfield code="a">Coal County register.</subfield></datafield><datafield ind1=" " ind2=" " tag="260"><subfield code="a">Owl, Coal County, I.T. [Okla.] :</subfield><subfield code="b">F.S. Payne</subfield></datafield><datafield ind1=" " ind2=" " tag="300"><subfield code="a">v.</subfield></datafield><datafield ind1=" " ind2=" " tag="310"><subfield code="a">Weekly</subfield></datafield><datafield ind1="0" ind2=" " tag="362"><subfield code="a">Vol. 1, no. 1 (Mar. 15, 1907)-</subfield></datafield><datafield ind1=" " ind2="4" tag="651"><subfield code="a">Centrahoma (Okla.)</subfield><subfield code="v">Newspapers.</subfield></datafield><datafield ind1=" " ind2="4" tag="651"><subfield code="a">Owl (Okla.)</subfield><subfield code="v">Newspapers.</subfield></datafield><datafield ind1=" " ind2="4" tag="651"><subfield code="a">Coal County (Okla.)</subfield><subfield code="v">Newspapers.</subfield></datafield><datafield ind1=" " ind2="4" tag="651"><subfield code="a">Indian Territory (Okla.)</subfield><subfield code="v">Newspapers.</subfield></datafield><datafield ind1=" " ind2=" " tag="752"><subfield code="a">United States</subfield><subfield code="b">Oklahoma</subfield><subfield code="c">Coal</subfield><subfield code="d">Owl.</subfield></datafield><datafield ind1="0" ind2="0" tag="785"><subfield code="t">Centrahoma register</subfield><subfield code="w">(DLC)sn 93066133</subfield><subfield code="w">(OCoLC)28998924</subfield></datafield></record>